@article{Wboson_1,
journal = {arXiv:1012.5382},
author = {ATLAS},
eprint = {ss},
month = feb,
title = {Measurement of the production cross section for W-bosons in association with jets in pp collisions at sqrt(s) = 7 TeV with the ATLAS detector},
year = {2011}
}

@article{Zboson_1,
journal = {arXiv:1111.2690},
author = {ATLAS},
month = nov,
title = {Measurement of the production cross section for Z/gamma* in association with jets in pp collisions at sqrt(s) = 7 TeV with the ATLAS detector},
year = {2011}
}

@article{WZboson,
journal = {arXiv:1111.3015v1},
author = {CMS},
eprint = {},
month = nov,
title = {W, Z + Jets production with CMS detector},
year = {2011}
}

@article{WZboson_2,
journal = {arXiv:hep-ph/0508097v1},
author = {Tao Han},
eprint = {},
month = aug,
title = {Collider Phenomenology: Basic Knowledge and Techniques},
year = {2005}
}

@article{jet_0,
journal = {FNAL-C-90-249-E http://lss.fnal.gov/archive/1990/conf/Conf-90-249-E.pdf},
author = {J. E. Huth et al.},
eprint = {},
month = jun,
title = {Toward a standardization of jet definitions},
year = {1990}
}

@article{jet_1,
journal = {arXiv:1009.5908v2},
author = {ATLAS},
eprint = {},
month = sep,
title = {Measurement of inclusive jet and dijet cross sections in proton-proton collisions at 7 TeV centre-of-mass energy with the ATLAS detector},
year = {2010}
}

@article{jet_2,
journal = {arXiv:1106.3360v1},
author = {CMS},
eprint = {},
month = jun,
title = {Studies of jet production with CMS in pp collisions at $\sqrt{s}$=7 TeV},
year = {2011}
}

@article{jet_3,
journal = {arXiv:1101.0070v1},
author = {ATLAS},
eprint = {},
month = dec,
title = {Study of Jet Shapes in Inclusive Jet Production in pp Collisions at sqrt(s) = 7 TeV using the ATLAS Detector},
year = {2010}
}

@article{jet_4,
journal = {arXiv:0802.1189v2},
author = {M. Cacciari, G. Salam, G. Soyez},
eprint = {},
month = apr,
title = {The anti-kt jet clustering algorithm},
year = {2008}
}

@article{jet_5,
journal = {arXiv:0906.1833v2},
author = {G. Salam},
eprint = {},
month = apr,
title = {Towards Jetography},
year = {2010}
}

@article{jetss_1,
journal = {arXiv:1110.5995v1},
author = {D. Miller for ATLAS},
eprint = {},
month = oct,
title = {Studies of the internal properties of jets and jet substructure with the ATLAS Detector},
year = {2011}
}

@article{jetss_2,
journal = {arXiv:1011.2268v3},
author = {J. Thaler, K. Van Tilburg},
eprint = {},
month = jan,
title = {jIdentifying Boosted Objects with N-subjettiness},
year = {2011}
}

@article{jetss_3,
journal = {arXiv:0912.0033v1},
author = {S. Ellis, C. Vermillion, J. Walsh},
eprint = {},
month = dec,
title = {Recombination Algorithms and Jet Substructure: Pruning as a Tool for Heavy Particle Searches},
year = {2009}
}

@article{jetss_4,
journal = {arXiv:1012.5412v2 },
author = {A. Abdesselam et. al.},
eprint = {},
month = jun,
title = {Boosted objects: a probe of beyond the Standard Model physics},
year = {2011}
}

@article{jetss_5,
journal = {arXiv:1106.3076v1},
author = {J. Gallicchio, M. Schwartz},
eprint = {},
month = oct,
title = {Quark and Gluon Tagging at the LHC},
year = {2011}
}

@article{confinement,
journal = {Introduction to Elementary Particles},
author = {D. Griffiths},
eprint = {},
month = jan,
title = {Introduction to Elementary Particles},
year = {2008}
}

@article{pythia,
journal = {arXiv:0603175v2},
author = {T. Sjostrand, S. Mrenna, P. Skands},
eprint = {},
month = May,
title = {Pythia 6.4 Physics and Manual},
year = {2006}
}

@article{madgraph,
journal = {arXiv:1106.0522v1},
author = {J. Alwall et. al.},
eprint = {},
month = jun,
title = {MadGraph 5 : Going Beyond},
year = {2011}
}

@article{leshouches,
journal = {arXiv:0204316v1},
author = {Les Houches Conference},
eprint = {},
month = apr,
title = {The QCD/SM Working Group: Summary Report},
year = {2002}
}

@article{detector,
journal = {CERN/LHCC 99-14 http://atlas.web.cern.ch/Atlas/GROUPS/PHYSICS/TDR/physics\_tdr/printout/Volume\_I.pdf},
author = {ATLAS Collaboration},
eprint = {},
month = may,
title = {The QCD/SM Working Group: Summary Report},
year = {1999}
}

